@incollection{ricci2011introduction,
  title={Introduction to recommender systems handbook},
  author={Ricci, Francesco and Rokach, Lior and Shapira, Bracha},
  booktitle={Recommender systems handbook},
  pages={1--35},
  year={2011},
  publisher={Springer}
}

@inproceedings{bogdanov2012taking,
  title={Taking advantage of editorial metadata to recommend music},
  author={Bogdanov, Dmitry and Herrera, Perfecto},
  booktitle={9th International Symposium on Computer Music Modeling and Retrieval (CMMR)},
  pages={618--632},
  year={2012}
}

@article{deerwester1990indexing,
  title={Indexing by latent semantic analysis},
  author={Deerwester, Scott and Dumais, Susan T and Furnas, George W and Landauer, Thomas K and Harshman, Richard},
  journal={Journal of the American society for information science},
  volume={41},
  number={6},
  pages={391},
  year={1990},
  publisher={American Documentation Institute}
}

@incollection{gibbons2011nonparametric,
  title={Nonparametric statistical inference},
  author={Gibbons, Jean Dickinson and Chakraborti, Subhabrata},
  booktitle={International encyclopedia of statistical science},
  pages={977--979},
  year={2011},
  publisher={Springer}
}

@inproceedings{jones2007user,
  title={User technology adoption issues in recommender systems},
  author={Jones, Nicolas and Pu, Pearl},
  booktitle={Proceedings of the 2007 Networking and Electronic Commerce Research Conference},
  number={HCI-CONF-2008-001},
  pages={379--394},
  year={2007}
}

@inproceedings{sordo2008quest,
  title={The quest for musical genres: Do the experts and the wisdom of crowds agree?},
  author={Sordo, Mohamed and Celma, Oscar and Blech, Martin and Guaus, Enric},
  booktitle={ISMIR},
  pages={255--260},
  year={2008}
}

@inproceedings{green2009generating,
  title={Generating transparent, steerable recommendations from textual descriptions of items},
  author={Green, Stephen J and Lamere, Paul and Alexander, Jeffrey and Maillet, Fran{\c{c}}ois and Kirk, Susanna and Holt, Jessica and Bourque, Jackie and Mak, Xiao-Wen},
  booktitle={Proceedings of the third ACM conference on Recommender systems},
  pages={281--284},
  year={2009},
  organization={ACM}
}

@article{levy2008learning,
  title={Learning latent semantic models for music from social tags},
  author={Levy, Mark and Sandler, Mark},
  journal={Journal of New Music Research},
  volume={37},
  number={2},
  pages={137--150},
  year={2008},
  publisher={Taylor \& Francis}
}

@inproceedings{turnbull2009combining,
  title={Combining audio content and social context for semantic music discovery},
  author={Turnbull, Douglas R and Barrington, Luke and Lanckriet, Gert and Yazdani, Mehrdad},
  booktitle={Proceedings of the 32nd international ACM SIGIR conference on Research and development in information retrieval},
  pages={387--394},
  year={2009},
  organization={ACM}
}

@article{schedl2011exploring,
  title={Exploring the music similarity space on the web},
  author={Schedl, Markus and Pohle, Tim and Knees, Peter and Widmer, Gerhard},
  journal={ACM Transactions on Information Systems (TOIS)},
  volume={29},
  number={3},
  pages={14},
  year={2011},
  publisher={ACM}
}

@inproceedings{lim2013robust,
  title={Robust structural metric learning},
  author={Lim, Daryl and McFee, Brian and Lanckriet, Gert R},
  booktitle={Proceedings of the 30th International Conference on Machine Learning (ICML-13)},
  pages={615--623},
  year={2013}
}

@article{mcfee2011learning,
  title={Learning multi-modal similarity},
  author={McFee, Brian and Lanckriet, Gert},
  journal={Journal of machine learning research},
  volume={12},
  number={Feb},
  pages={491--523},
  year={2011}
}

@inproceedings{barrington2009smarter,
  title={Smarter than Genius? Human Evaluation of Music Recommender Systems.},
  author={Barrington, Luke and Oda, Reid and Lanckriet, Gert RG},
  booktitle={ISMIR},
  volume={9},
  pages={357--362},
  year={2009}
}

@book{celma2009music,
  title={Music recommendation and discovery in the long tail},
  author={Celma Herrada, {\`O}scar and others},
  year={2009},
  publisher={Universitat Pompeu Fabra}
}

@article{aucouturier2005way,
  title={" The way it Sounds": timbre models for analysis and retrieval of music signals},
  author={Aucouturier, J-J and Pachet, Fran{\c{c}}ois and Sandler, Mark},
  journal={IEEE Transactions on Multimedia},
  volume={7},
  number={6},
  pages={1028--1035},
  year={2005},
  publisher={IEEE}
}

@inproceedings{logan2001music,
  title={A Music Similarity Function Based on Signal Analysis.},
  author={Logan, Beth and Salomon, Ariel},
  booktitle={ICME},
  pages={22--25},
  year={2001}
}

@inproceedings{logan2004music,
  title={Music Recommendation from Song Sets.},
  author={Logan, Beth},
  booktitle={ISMIR},
  pages={425--428},
  year={2004}
}

@article{bogdanov2013semantic,
  title={Semantic audio content-based music recommendation and visualization based on user preference examples},
  author={Bogdanov, Dmitry and Haro, Mart{\'\i}N and Fuhrmann, Ferdinand and Xamb{\'o}, Anna and G{\'o}mez, Emilia and Herrera, Perfecto},
  journal={Information Processing \& Management},
  volume={49},
  number={1},
  pages={13--33},
  year={2013},
  publisher={Elsevier}
}

@inproceedings{pampalk2005improvements,
  title={Improvements of Audio-Based Music Similarity and Genre Classificaton.},
  author={Pampalk, Elias and Flexer, Arthur and Widmer, Gerhard and others},
  booktitle={ISMIR},
  volume={5},
  pages={634--637},
  year={2005},
  organization={London, UK}
}

@inproceedings{pampalk2005dynamic,
  title={Dynamic Playlist Generation Based on Skipping Behavior.},
  author={Pampalk, Elias and Pohle, Tim and Widmer, Gerhard},
  booktitle={ISMIR},
  volume={5},
  pages={634--637},
  year={2005}
}

@inproceedings{celma2008new,
  title={A new approach to evaluating novel recommendations},
  author={Celma, {\`O}scar and Herrera, Perfecto},
  booktitle={Proceedings of the 2008 ACM conference on Recommender systems},
  pages={179--186},
  year={2008},
  organization={ACM}
}

@article{aucouturier2009sounds,
  title={Sounds like teen spirit: Computational insights into the grounding of everyday musical terms},
  author={Aucouturier, Jean-Julien},
  journal={Language, evolution and the brain},
  pages={35--64},
  year={2009}
}

@article{mcfee2012learning,
  title={Learning content similarity for music recommendation},
  author={McFee, Brian and Barrington, Luke and Lanckriet, Gert},
  journal={IEEE transactions on audio, speech, and language processing},
  volume={20},
  number={8},
  pages={2207--2218},
  year={2012},
  publisher={IEEE}
}

@incollection{adomavicius2011context,
  title={Context-aware recommender systems},
  author={Adomavicius, Gediminas and Tuzhilin, Alexander},
  booktitle={Recommender systems handbook},
  pages={217--253},
  year={2011},
  publisher={Springer}
}

@inproceedings{schilit1994context,
  title={Context-aware computing applications},
  author={Schilit, Bill and Adams, Norman and Want, Roy},
  booktitle={Mobile Computing Systems and Applications, 1994. WMCSA 1994. First Workshop on},
  pages={85--90},
  year={1994},
  organization={IEEE}
}

@inproceedings{abowd1999towards,
  title={Towards a better understanding of context and context-awareness},
  author={Abowd, Gregory and Dey, Anind and Brown, Peter and Davies, Nigel and Smith, Mark and Steggles, Pete},
  booktitle={Handheld and ubiquitous computing},
  pages={304--307},
  year={1999},
  organization={Springer}
}

@incollection{schedl2015music,
  title={Music recommender systems},
  author={Schedl, Markus and Knees, Peter and McFee, Brian and Bogdanov, Dmitry and Kaminskas, Marius},
  booktitle={Recommender Systems Handbook},
  pages={453--492},
  year={2015},
  publisher={Springer}
}

@article{north1996situational,
  title={Situational influences on reported musical preference.},
  author={North, Adrian C and Hargreaves, David J},
  journal={Psychomusicology: A Journal of Research in Music Cognition},
  volume={15},
  number={1-2},
  pages={30},
  year={1996},
  publisher={The Florida State University}
}

@article{pettijohn2010music,
  title={Music for the seasons: seasonal music preferences in college students},
  author={Pettijohn, Terry F and Williams, Greg M and Carter, Tiffany C},
  journal={Current psychology},
  volume={29},
  number={4},
  pages={328--345},
  year={2010},
  publisher={Springer}
}

@inproceedings{reddy2006lifetrak,
  title={Lifetrak: music in tune with your life},
  author={Reddy, Sasank and Mascia, Jeff},
  booktitle={Proceedings of the 1st ACM international workshop on Human-centered multimedia},
  pages={25--34},
  year={2006},
  organization={ACM}
}

@inproceedings{ankolekar2011foxtrot,
  title={Foxtrot: a soundtrack for where you are},
  author={Ankolekar, Anupriya and Sandholm, Thomas},
  booktitle={Proceedings of Interacting with Sound Workshop: Exploring Context-Aware, Local and Social Audio Applications},
  pages={26--31},
  year={2011},
  organization={ACM}
}

@inproceedings{okada2013contextplayer,
  title={ContextPlayer: Learning contextual music preferences for situational recommendations},
  author={Okada, Karla and Karlsson, B{\"o}rje F and Sardinha, Laura and Noleto, Tomaz},
  booktitle={SIGGRAPH Asia 2013 Symposium on Mobile Graphics and Interactive Applications},
  pages={6},
  year={2013},
  organization={ACM}
}

@article{schafer2009functions,
  title={From the functions of music to music preference},
  author={Sch{\"a}fer, Thomas and Sedlmeier, Peter},
  journal={Psychology of Music},
  volume={37},
  number={3},
  pages={279--300},
  year={2009},
  publisher={Sage Publications Sage UK: London, England}
}

@article{foley1940occupational,
  title={The Occupational Conditioning of Prefer Ential Auditory Tempo: A Contribution toward an Empirical Theory of Aesthetics},
  author={Foley Jr, John P},
  journal={The Journal of Social Psychology},
  volume={12},
  number={1},
  pages={121--129},
  year={1940},
  publisher={Taylor \& Francis}
}

@article{popescu2011probabilistic,
  title={Probabilistic game theoretic algorithms for group recommender systems},
  author={Popescu, George and Pu, Pearl},
  journal={Colocated with ACM RecSys 2011 Chicago, IL, USA October 23, 2011},
  pages={30},
  year={2011}
}

@inproceedings{koenigstein2009predicting,
  title={Predicting billboard success using data-mining in p2p networks},
  author={Koenigstein, Noam and Shavitt, Yuval and Zilberman, Noa},
  booktitle={Multimedia, 2009. ISM'09. 11th IEEE International Symposium on},
  pages={465--470},
  year={2009},
  organization={IEEE}
}

@inproceedings{schedl2013leveraging,
  title={Leveraging Microblogs for Spatiotemporal Music Information Retrieval.},
  author={Schedl, Markus},
  booktitle={ECIR},
  pages={796--799},
  year={2013},
  organization={Springer}
}

@inproceedings{park2006context,
  title={A context-aware music recommendation system using fuzzy bayesian networks with utility theory},
  author={Park, Han-Saem and Yoo, Ji-Oh and Cho, Sung-Bae},
  booktitle={International Conference on Fuzzy Systems and Knowledge Discovery},
  pages={970--979},
  year={2006},
  organization={Springer}
}

@inproceedings{wang2012context,
  title={Context-aware mobile music recommendation for daily activities},
  author={Wang, Xinxi and Rosenblum, David and Wang, Ye},
  booktitle={Proceedings of the 20th ACM international conference on Multimedia},
  pages={99--108},
  year={2012},
  organization={ACM}
}

@article{yang2012machine,
  title={Machine recognition of music emotion: A review},
  author={Yang, Yi-Hsuan and Chen, Homer H},
  journal={ACM Transactions on Intelligent Systems and Technology (TIST)},
  volume={3},
  number={3},
  pages={40},
  year={2012},
  publisher={ACM}
}

@article{goldberg1992using,
  title={Using collaborative filtering to weave an information tapestry},
  author={Goldberg, David and Nichols, David and Oki, Brian M and Terry, Douglas},
  journal={Communications of the ACM},
  volume={35},
  number={12},
  pages={61--70},
  year={1992},
  publisher={ACM}
}

@inproceedings{resnick1994open,
  title={An Open Architecture for Collaboative Filtering of Netnews},
  author={Resnick, Paul},
  booktitle={Proc. of CSCW'94},
  pages={175--186},
  year={1994}
}

@inproceedings{shardanand1995social,
  title={Social information filtering: algorithms for automating “word of mouth”},
  author={Shardanand, Upendra and Maes, Pattie},
  booktitle={Proceedings of the SIGCHI conference on Human factors in computing systems},
  pages={210--217},
  year={1995},
  organization={ACM Press/Addison-Wesley Publishing Co.}
}

@inproceedings{hill1995recommending,
  title={Recommending and evaluating choices in a virtual community of use},
  author={Hill, Will and Stead, Larry and Rosenstein, Mark and Furnas, George},
  booktitle={Proceedings of the SIGCHI conference on Human factors in computing systems},
  pages={194--201},
  year={1995},
  organization={ACM Press/Addison-Wesley Publishing Co.}
}

@book{jannach2010recommender,
  title={Recommender systems: an introduction},
  author={Jannach, Dietmar and Zanker, Markus and Felfernig, Alexander and Friedrich, Gerhard},
  year={2010},
  publisher={Cambridge University Press}
}

@inproceedings{cosley2003seeing,
  title={Is seeing believing?: how recommender system interfaces affect users' opinions},
  author={Cosley, Dan and Lam, Shyong K and Albert, Istvan and Konstan, Joseph A and Riedl, John},
  booktitle={Proceedings of the SIGCHI conference on Human factors in computing systems},
  pages={585--592},
  year={2003},
  organization={ACM}
}

@article{schafer2006recommender,
  title={Recommender Systems for the Web},
  author={Schafer, J Ben and Konstan, Joseph A and Riedl, John T},
  journal={Visualizing the Semantic Web, Springer},
  pages={102--123},
  year={2006},
  publisher={Springer}
}

@incollection{benesty2009pearson,
  title={Pearson correlation coefficient},
  author={Benesty, Jacob and Chen, Jingdong and Huang, Yiteng and Cohen, Israel},
  booktitle={Noise reduction in speech processing},
  pages={1--4},
  year={2009},
  publisher={Springer}
}

@inproceedings{herlocker1999algorithmic,
  title={An algorithmic framework for performing collaborative filtering},
  author={Herlocker, Jonathan L and Konstan, Joseph A and Borchers, Al and Riedl, John},
  booktitle={Proceedings of the 22nd annual international ACM SIGIR conference on Research and development in information retrieval},
  pages={230--237},
  year={1999},
  organization={ACM}
}

@inproceedings{breese1998empirical,
  title={Empirical analysis of predictive algorithms for collaborative filtering},
  author={Breese, John S and Heckerman, David and Kadie, Carl},
  booktitle={Proceedings of the Fourteenth conference on Uncertainty in artificial intelligence},
  pages={43--52},
  year={1998},
  organization={Morgan Kaufmann Publishers Inc.}
}

@misc{Grigorik2017,
	title={SVD recommendation system in ruby},
	howpublished = {\url{http:// www.igvita.com/2007/01/15/svd-recommendation-system-in-ruby/}},
	note = {Accessed: 2017-08-15}
}

@article{koren2009matrix,
  title={Matrix factorization techniques for recommender systems},
  author={Koren, Yehuda and Bell, Robert and Volinsky, Chris},
  journal={Computer},
  volume={42},
  number={8},
  year={2009},
  publisher={IEEE}
}

@inproceedings{salton1988syntactic,
  title={Syntactic approaches to automatic book indexing},
  author={Salton, Gerard},
  booktitle={Proceedings of the 26th annual meeting on Association for Computational Linguistics},
  pages={204--210},
  year={1988},
  organization={Association for Computational Linguistics}
}

@inproceedings{cano2005industrial,
  title={An industrial-strength content-based music recommendation system},
  author={Cano, Pedro and Koppenberger, Markus and Wack, Nicolas},
  booktitle={Proceedings of the 28th annual international ACM SIGIR conference on Research and development in information retrieval},
  pages={673--673},
  year={2005},
  organization={ACM}
}

@inproceedings{magno2008comparison,
  title={A Comparison of Signal Based Music Recommendation to Genre Labels, Collaborative Filtering, Musicological Analysis, Human Recommendation and Random Baseline.},
  author={Magno, Terence and Sable, Carl},
  booktitle={ISMIR},
  pages={161--166},
  year={2008}
}

@book{young1993htk,
  title={The HTK hidden Markov model toolkit: Design and philosophy},
  author={Young, Steve J and Young, Sj},
  year={1993},
  publisher={University of Cambridge, Department of Engineering}
}

@article{mitchell1997machine,
  title={Machine learning. 1997},
  author={Mitchell, Tom M},
  journal={Burr Ridge, IL: McGraw Hill},
  volume={45},
  number={37},
  pages={870--877},
  year={1997}
}

@book{hodgson2010understanding,
  title={Understanding Records: A Field Guide to Recording Practice},
  author={Hodgson, Jay},
  year={2010},
  publisher={Bloomsbury Publishing}
}

@misc{jurafskyspeech,
  title={Speech and Language Processing: An Introduction to Natural Language Processing, Computational Linguistics, and Speech Recognition},
  author={Jurafsky, Daniel and Martin, James H},
  publisher={MIT Press}
}

@article{weihs2007classification,
  title={Classification in music research},
  author={Weihs, Claus and Ligges, Uwe and M{\"o}rchen, Fabian and M{\"u}llensiefen, Daniel},
  journal={Advances in Data Analysis and Classification},
  volume={1},
  number={3},
  pages={255--291},
  year={2007},
  publisher={Springer}
}

@article{scaringella2006automatic,
  title={Automatic genre classification of music content: a survey},
  author={Scaringella, Nicolas and Zoia, Giorgio and Mlynek, Daniel},
  journal={IEEE Signal Processing Magazine},
  volume={23},
  number={2},
  pages={133--141},
  year={2006},
  publisher={IEEE}
}

@article{fu2011survey,
  title={A survey of audio-based music classification and annotation},
  author={Fu, Zhouyu and Lu, Guojun and Ting, Kai Ming and Zhang, Dengsheng},
  journal={IEEE transactions on multimedia},
  volume={13},
  number={2},
  pages={303--319},
  year={2011},
  publisher={IEEE}
}

@article{tzanetakis2002musical,
  title={Musical genre classification of audio signals},
  author={Tzanetakis, George and Cook, Perry},
  journal={IEEE Transactions on speech and audio processing},
  volume={10},
  number={5},
  pages={293--302},
  year={2002},
  publisher={IEEE}
}

@inproceedings{li2003comparative,
  title={A comparative study on content-based music genre classification},
  author={Li, Tao and Ogihara, Mitsunori and Li, Qi},
  booktitle={Proceedings of the 26th annual international ACM SIGIR conference on Research and development in informaion retrieval},
  pages={282--289},
  year={2003},
  organization={ACM}
}

@article{bergstra2006aggregate,
  title={Aggregate features and AdaBoost for music classification},
  author={Bergstra, James and Casagrande, Norman and Erhan, Dumitru and Eck, Douglas and K{\'e}gl, Bal{\'a}zs},
  journal={Machine learning},
  volume={65},
  number={2-3},
  pages={473--484},
  year={2006},
  publisher={Springer}
}

@inproceedings{mandel2006song,
  title={Song-level features and SVM for music classification},
  author={Mandel, M and Ellis, D},
  booktitle={In Proceedings of the 6th International Conference on Music Information Retrieval, ISMIR},
  volume={5},
  year={2006}
}

@article{lin2005audio,
  title={Audio classification and categorization based on wavelets and support vector machine},
  author={Lin, Chien-Chang and Chen, Shi-Huang and Truong, Trieu-Kien and Chang, Yukon},
  journal={IEEE Transactions on Speech and Audio Processing},
  volume={13},
  number={5},
  pages={644--651},
  year={2005},
  publisher={IEEE}
}

@article{morchen2006modeling,
  title={Modeling timbre distance with temporal statistics from polyphonic music},
  author={Morchen, F and Ultsch, Alfred and Thies, Michael and Lohken, Ingo},
  journal={IEEE Transactions on Audio, Speech, and Language Processing},
  volume={14},
  number={1},
  pages={81--90},
  year={2006},
  publisher={IEEE}
}

@inproceedings{tzanetakis2007stereo,
  title={Stereo Panning Features for Classifying Recording Production Style.},
  author={Tzanetakis, George and Jones, Randy and McNally, Kirk},
  booktitle={ISMIR},
  pages={441--444},
  year={2007}
}

@article{tzanetakis2010stereo,
  title={Stereo panning information for music information retrieval tasks},
  author={Tzanetakis, George and Martins, Luis Gustavo and McNally, Kirk and Jones, Randy},
  journal={Journal of the Audio Engineering Society},
  volume={58},
  number={5},
  pages={409--417},
  year={2010},
  publisher={Audio Engineering Society}
}

@inproceedings{pampalk2002content,
  title={Content-based organization and visualization of music archives},
  author={Pampalk, Elias and Rauber, Andreas and Merkl, Dieter},
  booktitle={Proceedings of the tenth ACM international conference on Multimedia},
  pages={570--579},
  year={2002},
  organization={ACM}
}

@article{shawe2005investigation,
  title={An investigation of feature models for music genre classification using the support vector classifier},
  author={Shawe-Taylor, JS and Meng, Anders},
  year={2005}
}

@article{meng2007temporal,
  title={Temporal feature integration for music genre classification},
  author={Meng, Anders and Ahrendt, Peter and Larsen, Jan and Hansen, Lars Kai},
  journal={IEEE Transactions on Audio, Speech, and Language Processing},
  volume={15},
  number={5},
  pages={1654--1664},
  year={2007},
  publisher={IEEE}
}

@inproceedings{lidy2007improving,
  title={Improving Genre Classification by Combination of Audio and Symbolic Descriptors Using a Transcription Systems.},
  author={Lidy, Thomas and Rauber, Andreas and Pertusa, Antonio and Quereda, Jos{\'e} Manuel Inesta},
  booktitle={ISMIR},
  pages={61--66},
  year={2007}
}

@article{west2009novel,
  title={Novel techniques for audio music classification and search},
  author={West, Kristopher and Cox, Stephen and Milner, Ben and Reiss, Josh},
  journal={ACM SIGMultimedia Records},
  volume={1},
  number={1},
  pages={15--15},
  year={2009},
  publisher={ACM}
}

@article{morchen2006modeling,
  title={Modeling timbre distance with temporal statistics from polyphonic music},
  author={Morchen, F and Ultsch, Alfred and Thies, Michael and Lohken, Ingo},
  journal={IEEE Transactions on Audio, Speech, and Language Processing},
  volume={14},
  number={1},
  pages={81--90},
  year={2006},
  publisher={IEEE}
}

@article{jang2008general,
  title={A general framework of progressive filtering and its application to query by singing/humming},
  author={Jang, Jyh-Shing Roger and Lee, Hong-Ru},
  journal={IEEE Transactions on Audio, Speech, and Language Processing},
  volume={16},
  number={2},
  pages={350--358},
  year={2008},
  publisher={IEEE}
}

@inproceedings{tsai2005query,
  title={Query-By-Example Technique for Retrieving Cover Versions of Popular Songs with Similar Melodies.},
  author={Tsai, Wei-Ho and Yu, Hung-Ming and Wang, Hsin-Min and others},
  booktitle={ISMIR},
  volume={5},
  pages={183--190},
  year={2005}
}

@inproceedings{feng2003music,
  title={Music information retrieval by detecting mood via computational media aesthetics},
  author={Feng, Yazhong and Zhuang, Yueting and Pan, Yunhe},
  booktitle={Web Intelligence, 2003. WI 2003. Proceedings. IEEE/WIC International Conference on},
  pages={235--241},
  year={2003},
  organization={IEEE}
}

@inproceedings{yang2004disambiguating,
  title={Disambiguating Music Emotion Using Software Agents.},
  author={Yang, Dan and Lee, Won-Sook},
  booktitle={ISMIR},
  volume={4},
  pages={218--223},
  year={2004}
}

@article{li2003detecting,
  title={Detecting emotion in music},
  author={Li, Tao and Ogihara, Mitsunori},
  year={2003},
  publisher={Johns Hopkins University}
}

@inproceedings{marolt2006mid,
  title={A Mid-level Melody-based Representation for Calculating Audio Similarity.},
  author={Marolt, Matija},
  booktitle={ISMIR},
  pages={280--285},
  year={2006}
}

@article{poliner2007melody,
  title={Melody transcription from music audio: Approaches and evaluation},
  author={Poliner, Graham E and Ellis, Daniel PW and Ehmann, Andreas F and G{\'o}mez, Emilia and Streich, Sebastian and Ong, Beesuan},
  journal={IEEE Transactions on Audio, Speech, and Language Processing},
  volume={15},
  number={4},
  pages={1247--1256},
  year={2007},
  publisher={IEEE}
}

@book{chadwick1922harmony,
  title={Harmony: A Course of Study},
  author={Chadwick, George Whitefield},
  year={1922},
  publisher={BF Wood Music Company}
}

@inproceedings{ellis2007identifyingcover,
  title={Identifyingcover songs' with chroma features and dynamic programming beat tracking},
  author={Ellis, Daniel PW and Poliner, Graham E},
  booktitle={Acoustics, Speech and Signal Processing, 2007. ICASSP 2007. IEEE International Conference on},
  volume={4},
  pages={IV--1429},
  year={2007},
  organization={IEEE}
}

@inproceedings{bello2007audio,
  title={Audio-Based Cover Song Retrieval Using Approximate Chord Sequences: Testing Shifts, Gaps, Swaps and Beats.},
  author={Bello, Juan Pablo},
  booktitle={ISMIR},
  volume={7},
  pages={239--244},
  year={2007}
}

@article{burke2002hybrid,
  title={Hybrid recommender systems: Survey and experiments},
  author={Burke, Robin},
  journal={User modeling and user-adapted interaction},
  volume={12},
  number={4},
  pages={331--370},
  year={2002},
  publisher={Springer}
}